<record><leader>00000cas a22000007a 4500</leader><controlfield tag="001">12092545</controlfield><controlfield tag="008">850529d18851893wiuwr ne      0    0eng d</controlfield><datafield ind1=" " ind2=" " tag="010"><subfield code="a">sn 85040644 </subfield></datafield><datafield ind1=" " ind2=" " tag="040"><subfield code="a">NPV</subfield><subfield code="b">eng</subfield><subfield code="c">NPV</subfield><subfield code="d">OCLCQ</subfield></datafield><datafield ind1=" " ind2=" " tag="042"><subfield code="a">msc</subfield></datafield><datafield ind1=" " ind2=" " tag="045"><subfield code="a">w8w9</subfield></datafield><datafield ind1=" " ind2=" " tag="052"><subfield code="a">4123</subfield><subfield code="b">I6</subfield></datafield><datafield ind1="0" ind2=" " tag="130"><subfield code="a">Montreal River miner (Hurley, Wis. : 1885)</subfield></datafield><datafield ind1="1" ind2="0" tag="245"><subfield code="a">Montreal River miner.</subfield></datafield><datafield ind1=" " ind2=" " tag="260"><subfield code="a">Hurley, Wis. :</subfield><subfield code="b">Gowdey &amp; Goodell,</subfield><subfield code="c">1885-1893.</subfield></datafield><datafield ind1=" " ind2=" " tag="300"><subfield code="a">9 v. :</subfield><subfield code="b">ill.</subfield></datafield><datafield ind1=" " ind2=" " tag="310"><subfield code="a">Weekly</subfield></datafield><datafield ind1="0" ind2=" " tag="362"><subfield code="a">Vol. 1, no. 1 (Oct. 8, 1885)-v. 9, no. 7 (Dec. 2, 1893).</subfield></datafield><datafield ind1=" " ind2=" " tag="500"><subfield code="a">Publisher changes: D.C. Goodell, Oct. 21-Dec. 2, 1893.</subfield></datafield><datafield ind1=" " ind2=" " tag="530"><subfield code="a">Available on microfilm from The State Historical Society of Wisconsin.</subfield></datafield><datafield ind1=" " ind2=" " tag="752"><subfield code="a">United States</subfield><subfield code="b">Wisconsin</subfield><subfield code="c">Iron</subfield><subfield code="d">Hurley.</subfield></datafield><datafield ind1="0" ind2="7" tag="785"><subfield code="t">Gogebic iron tribune</subfield><subfield code="w">(DLC)sn 84025646</subfield></datafield><datafield ind1="0" ind2="7" tag="785"><subfield code="t">Montreal River miner and Gogebic iron tribune</subfield><subfield code="w">(DLC)sn 85040645</subfield></datafield></record>